<?xml version="1.0" encoding="UTF-8"?>
<marc:record xmlns:marc="http://www.loc.gov/MARC21/slim" xmlns:xsi="http://www.w3.org/2001/XMLSchema-instance" xsi:schemaLocation="http://www.loc.gov/standards/marcxml/schema/MARC21slim.xsd">
  <marc:leader>00000ndd a2200000 u 4500</marc:leader>
  <marc:controlfield tag="001">1001069566</marc:controlfield>
  <marc:controlfield tag="003">DE-633</marc:controlfield>
  <marc:controlfield tag="005">20210411201017.0</marc:controlfield>
  <marc:datafield tag="031" ind1=" " ind2=" ">
    <marc:subfield code="a">1</marc:subfield>
    <marc:subfield code="b">1</marc:subfield>
    <marc:subfield code="c">1</marc:subfield>
    <marc:subfield code="g">C-1</marc:subfield>
    <marc:subfield code="m">S</marc:subfield>
    <marc:subfield code="n">xF</marc:subfield>
    <marc:subfield code="o">c</marc:subfield>
    <marc:subfield code="p">4-8'GA4.B{6''C'B}/4A6{BA}8GEGA/8.B6B4B-8B''C/4.''D{6ED}4.C{6DC}/</marc:subfield>
    <marc:subfield code="r">G</marc:subfield>
    <marc:subfield code="t">Salve horologium</marc:subfield>
    <marc:subfield code="2">pe</marc:subfield>
  </marc:datafield>
  <marc:datafield tag="031" ind1=" " ind2=" ">
    <marc:subfield code="a">1</marc:subfield>
    <marc:subfield code="b">1</marc:subfield>
    <marc:subfield code="c">2</marc:subfield>
    <marc:subfield code="g">G-2</marc:subfield>
    <marc:subfield code="m">vl 1</marc:subfield>
    <marc:subfield code="n">xF</marc:subfield>
    <marc:subfield code="o">c</marc:subfield>
    <marc:subfield code="p">8{''D6DD}{8DD}4E-/{8E6EE}{8EE}4F-/-{8DA}{BG}4F/{8G6'BB}{8B''D}4E-/</marc:subfield>
    <marc:subfield code="r">G</marc:subfield>
    <marc:subfield code="2">pe</marc:subfield>
  </marc:datafield>
  <marc:datafield tag="040" ind1=" " ind2=" ">
    <marc:subfield code="a">DE-633</marc:subfield>
    <marc:subfield code="b">eng</marc:subfield>
  </marc:datafield>
  <marc:datafield tag="041" ind1="0" ind2=" ">
    <marc:subfield code="a">lat</marc:subfield>
  </marc:datafield>
  <marc:datafield tag="100" ind1="1" ind2=" ">
    <marc:subfield code="a">Siwiński, Andrzej</marc:subfield>
    <marc:subfield code="d">1726a+</marc:subfield>
    <marc:subfield code="j">Ascertained</marc:subfield>
    <marc:subfield code="0">pe41011487</marc:subfield>
  </marc:datafield>
  <marc:datafield tag="240" ind1="1" ind2="0">
    <marc:subfield code="a">Salve horologium</marc:subfield>
    <marc:subfield code="m">V (4), vl (2), org</marc:subfield>
    <marc:subfield code="r">G</marc:subfield>
    <marc:subfield code="0">4246888</marc:subfield>
  </marc:datafield>
  <marc:datafield tag="245" ind1="1" ind2="0">
    <marc:subfield code="a">[S heading:] Motetto | 4to</marc:subfield>
  </marc:datafield>
  <marc:datafield tag="300" ind1=" " ind2=" ">
    <marc:subfield code="a">9 parts</marc:subfield>
    <marc:subfield code="8">01</marc:subfield>
  </marc:datafield>
  <marc:datafield tag="590" ind1=" " ind2=" ">
    <marc:subfield code="a">S, A, T, B</marc:subfield>
    <marc:subfield code="b">f. 2v-3r, 2r-2v, 2r-2v, 2v</marc:subfield>
    <marc:subfield code="8">01</marc:subfield>
  </marc:datafield>
  <marc:datafield tag="590" ind1=" " ind2=" ">
    <marc:subfield code="a">vl 1, 2</marc:subfield>
    <marc:subfield code="b">f. 2r-2v, 2v</marc:subfield>
    <marc:subfield code="8">01</marc:subfield>
  </marc:datafield>
  <marc:datafield tag="590" ind1=" " ind2=" ">
    <marc:subfield code="a">org (= bc.fig)</marc:subfield>
    <marc:subfield code="b">f. 3v-4r</marc:subfield>
    <marc:subfield code="8">01</marc:subfield>
  </marc:datafield>
  <marc:datafield tag="593" ind1=" " ind2=" ">
    <marc:subfield code="a">Manuscript copy</marc:subfield>
    <marc:subfield code="8">01</marc:subfield>
  </marc:datafield>
  <marc:datafield tag="594" ind1=" " ind2=" ">
    <marc:subfield code="b">S</marc:subfield>
    <marc:subfield code="c">1</marc:subfield>
  </marc:datafield>
  <marc:datafield tag="594" ind1=" " ind2=" ">
    <marc:subfield code="b">A</marc:subfield>
    <marc:subfield code="c">1</marc:subfield>
  </marc:datafield>
  <marc:datafield tag="594" ind1=" " ind2=" ">
    <marc:subfield code="b">T</marc:subfield>
    <marc:subfield code="c">1</marc:subfield>
  </marc:datafield>
  <marc:datafield tag="594" ind1=" " ind2=" ">
    <marc:subfield code="b">B</marc:subfield>
    <marc:subfield code="c">1</marc:subfield>
  </marc:datafield>
  <marc:datafield tag="594" ind1=" " ind2=" ">
    <marc:subfield code="b">vl</marc:subfield>
    <marc:subfield code="c">2</marc:subfield>
  </marc:datafield>
  <marc:datafield tag="594" ind1=" " ind2=" ">
    <marc:subfield code="b">org</marc:subfield>
    <marc:subfield code="c">1</marc:subfield>
  </marc:datafield>
  <marc:datafield tag="594" ind1=" " ind2=" ">
    <marc:subfield code="a">S, A, T, B, vl (2), org</marc:subfield>
  </marc:datafield>
  <marc:datafield tag="599" ind1=" " ind2=" ">
    <marc:subfield code="b">full</marc:subfield>
  </marc:datafield>
  <marc:datafield tag="650" ind1="0" ind2="7">
    <marc:subfield code="a">Sacred songs</marc:subfield>
    <marc:subfield code="0">25250</marc:subfield>
  </marc:datafield>
  <marc:datafield tag="691" ind1=" " ind2="7">
    <marc:subfield code="a">ŚwierczekK 1965</marc:subfield>
    <marc:subfield code="n">p. 269</marc:subfield>
    <marc:subfield code="0">lit1891</marc:subfield>
  </marc:datafield>
  <marc:datafield tag="773" ind1="1" ind2="8">
    <marc:subfield code="w">1001069562</marc:subfield>
  </marc:datafield>
  <marc:datafield tag="852" ind1=" " ind2=" ">
    <marc:subfield code="a">PL-SA</marc:subfield>
    <marc:subfield code="e">Biblioteka Diecezjalna w Sandomierzu</marc:subfield>
    <marc:subfield code="x">ks30003584</marc:subfield>
    <marc:subfield code="c">268/A VII 28</marc:subfield>
    <marc:subfield code="p"/>
    <marc:subfield code="q"/>
    <marc:subfield code="u"/>
    <marc:subfield code="z"/>
  </marc:datafield>
  <marc:datafield tag="980" ind1=" " ind2=" ">
    <marc:subfield code="a">RISM</marc:subfield>
    <marc:subfield code="c">examined</marc:subfield>
  </marc:datafield>
</marc:record>
